@book{faltinsen90,
    author    = "Odd Magnus Faltinsen",
    title     = "Sea Loads on Ships and Offshore Structures",
    year      = "1990",
    publisher = "Cambridge University Press",
    address   = "Cambridge, England"
}
